@article{krizhevsky2012imagenet,
  title={Imagenet classification with deep convolutional neural networks},
  author={Krizhevsky, Alex and Sutskever, Ilya and Hinton, Geoffrey E},
  journal={Advances in neural information processing systems},
  volume={25},
  pages={1097--1105},
  year={2012}
}
@article{DBLP:journals/corr/GeHJY15,
  author    = {Rong Ge and
               Furong Huang and
               Chi Jin and
               Yang Yuan},
  title     = {Escaping From Saddle Points - Online Stochastic Gradient for Tensor
               Decomposition},
  journal   = {CoRR},
  volume    = {abs/1503.02101},
  year      = {2015},
  url       = {http://arxiv.org/abs/1503.02101},
  eprinttype = {arXiv},
  eprint    = {1503.02101},
  timestamp = {Mon, 13 Aug 2018 16:47:53 +0200},
  biburl    = {https://dblp.org/rec/journals/corr/GeHJY15.bib},
  bibsource = {dblp computer science bibliography, https://dblp.org}
}
@article{wikidotproduct2021,
    title   = "Dot product",
    author  = "Wikipedia",
    journal = "https://en.wikipedia.org/wiki/",
    year    = "2021",
    url     = "https://en.wikipedia.org/wiki/Dot_product"
}

@misc{GA,
  author = {Nero Phung},
  title = {Genetic Algorithm - Giải thuật di truyền},
  year = {2020},
  note = {Truy cập 1/11/2021},
  url = {https://nerophung.github.io/2020/05/28/genetic-algorithm}
}


@misc{Pygad,
  author = { Ahmed Fawzy Gad},
  title = {PyGAD - Python Genetic Algorithm},
  year = {2020},
  note = {Truy cập 1/11/2021},
  url = {https://pygad.readthedocs.io/en/latest/}
}

@misc{worldhealthorganization, 
title = {Episode 45 - Delta variant},
url= {https://www.who.int/emergencies/diseases/novel-coronavirus-2019/media-resources/science-in-5/episode-45---delta-variant}, 
journal = {World Health Organization},
publisher= {World Health Organization},
note = {Accessed 14 November 2021}
}
 
 
@misc{vietnamesecdc, 
title = {Biến thể Delta: Những kiến thức khoa học chúng ta đã biết},
url= {https://vietnamese.cdc.gov/coronavirus/2019-ncov/variants/delta-variant.html}, 
publisher= {Centers for Disease Control and Prevention},
note = {Accessed 14 November 2021}
}
 
@misc{19, 
title= "Bộ y tế - Cổng thông tin của Bộ Y tế về đại Dịch Covid", 
url={https://covid19.gov.vn/}, 
journal={19},
note = {Accessed 14 November 2021}
} 
  
@misc{chiphi, 
author = {Thái Bình},
title = "Bộ Y tế quy định mức thanh toán tối đa giá dịch vụ xét nghiệm",
url= {https://covid19.gov.vn/bo-y-te-quy-dinh-muc-thanh-toan-toi-da-gia-dich-vu-xet-nghiem-171211109091750775},
note = {Accessed 14 November 2021}
}
  
@misc{mitnew,
author = {Jennifer Chu},
title = {Artificial intelligence model detects asymptomatic Covid-19 infections through cellphone-recorded coughs},
url = {https://news.mit.edu/2020/covid-19-cough-cellphone-detection-1029},
eprinttype = {arXiv}
}

@ARTICLE{9208795,
author={Laguarta, Jordi and Hueto, Ferran and Subirana, Brian},
journal={IEEE Open Journal of Engineering in Medicine and Biology}, 
title={COVID-19 Artificial Intelligence Diagnosis Using Only Cough Recordings}, 
year={2020},
volume={1},
number={},
pages={275-281},
doi={10.1109/OJEMB.2020.3026928}}
  
  
@article{DBLP:journals/corr/abs-2104-02005,
author    = {Tong Xia and
               Jing Han and
               Lorena Qendro and
               Ting Dang and
               Cecilia Mascolo},
title     = {Uncertainty-Aware {COVID-19} Detection from Imbalanced Sound Data},
journal   = {CoRR},
volume    = {abs/2104.02005},
year      = {2021},
url       = {https://arxiv.org/abs/2104.02005},
eprinttype = {arXiv},
eprint    = {2104.02005},
timestamp = {Mon, 12 Apr 2021 16:14:56 +0200},
biburl    = {https://dblp.org/rec/journals/corr/abs-2104-02005.bib},
bibsource = {dblp computer science bibliography, https://dblp.org}
}


@article{DBLP:journals/corr/abs-2105-07566,
author    = {Hao Xue and
               Flora D. Salim},
title     = {Exploring Self-Supervised Representation Ensembles for {COVID-19}
               Cough Classification},
journal   = {CoRR},
volume    = {abs/2105.07566},
year      = {2021},
url       = {https://arxiv.org/abs/2105.07566},
eprinttype = {arXiv},
eprint    = {2105.07566},
timestamp = {Fri, 06 Aug 2021 14:23:41 +0200},
biburl    = {https://dblp.org/rec/journals/corr/abs-2105-07566.bib},
bibsource = {dblp computer science bibliography, https://dblp.org}
}

@article{stevens1937scale,
  title={A scale for the measurement of the psychological magnitude pitch},
  author={Stevens, Stanley Smith and Volkmann, John and Newman, Edwin Broomell},
  journal={The journal of the acoustical society of america},
  volume={8},
  number={3},
  pages={185--190},
  year={1937},
  publisher={Acoustical Society of America}
}

@article{backstrom2019cepstrum,
  title={Cepstrum and MFCC},
  author={B{\"a}ckstr{\"o}m, Tom},
  journal={URL: https://wiki. aalto. fi/display/ITSP/CepstrumandMFCC},
  year={2019}
}


@article{DBLP:journals/corr/abs-1906-02629,
  author    = {Rafael M{\"{u}}ller and
               Simon Kornblith and
               Geoffrey E. Hinton},
  title     = {When Does Label Smoothing Help?},
  journal   = {CoRR},
  volume    = {abs/1906.02629},
  year      = {2019},
  url       = {http://arxiv.org/abs/1906.02629},
  eprinttype = {arXiv},
  eprint    = {1906.02629},
  timestamp = {Thu, 13 Jun 2019 13:36:00 +0200},
  biburl    = {https://dblp.org/rec/journals/corr/abs-1906-02629.bib},
  bibsource = {dblp computer science bibliography, https://dblp.org}
}